<collection xmlns="http://www.loc.gov/MARC21/slim"><record><leader>00889nam  2200253   450</leader><controlfield tag="001">493</controlfield><controlfield tag="003">http://montalegre.opacnet.com/OPAC/default.aspx?ContentAreaControl=ShowRegHoldings.ascx&amp;RegNo=16662</controlfield><datafield tag="100" ind1=" " ind2=" "><subfield code="a">20061013d19--    k  y0pory0103    ba</subfield></datafield><datafield tag="101" ind1="1" ind2=" "><subfield code="a">por</subfield><subfield code="c">eng</subfield></datafield><datafield tag="102" ind1=" " ind2=" "><subfield code="a">PT</subfield><subfield code="b">Lisboa</subfield></datafield><datafield tag="200" ind1="1" ind2=" "><subfield code="a">Paris é uma festa</subfield><subfield code="f">Ernest Hemingway</subfield><subfield code="g">tradução de Virgínia Motta</subfield></datafield><datafield tag="210" ind1=" " ind2=" "><subfield code="a">Lisboa</subfield><subfield code="c">Livros do Brasil</subfield><subfield code="d">[1960]</subfield></datafield><datafield tag="215" ind1=" " ind2=" "><subfield code="a">249 p.</subfield><subfield code="d">21 cm</subfield></datafield><datafield tag="225" ind1="2" ind2=" "><subfield code="a">Dois mundos</subfield><subfield code="v">90</subfield></datafield><datafield tag="300" ind1=" " ind2=" "><subfield code="a">Impressões da vida do autor em Paris, por alturas da segunda década do século XX</subfield></datafield><datafield tag="304" ind1=" " ind2=" "><subfield code="a">Tít. orig.: A moveable feast</subfield></datafield><datafield tag="500" ind1="1" ind2="0"><subfield code="a">Paris é uma festa</subfield></datafield><datafield tag="606" ind1=" " ind2=" "><subfield code="a">Literatura americana</subfield></datafield><datafield tag="608" ind1=" " ind2=" "><subfield code="a">Romance</subfield></datafield><datafield tag="675" ind1=" " ind2=" "><subfield code="a">821</subfield><subfield code="v">BN</subfield><subfield code="z">por</subfield></datafield><datafield tag="700" ind1=" " ind2="1"><subfield code="a">Hemingway</subfield><subfield code="b">Ernest</subfield><subfield code="f">1899-1961</subfield></datafield><datafield tag="702" ind1=" " ind2="1"><subfield code="a">Motta</subfield><subfield code="b">Virgínia</subfield><subfield code="4">730</subfield></datafield><datafield tag="801" ind1=" " ind2="0"><subfield code="a">PT</subfield><subfield code="b">Biblioteca Municipal de Montalegre</subfield><subfield code="g">RPC</subfield></datafield><datafield tag="856" ind1=" " ind2=" "><subfield code="u">locateMedia.asp?cod=20060517152219&amp;ext=jpg</subfield><subfield code="z">CAPA</subfield></datafield><datafield tag="909" ind1="&#9;" ind2=" "><subfield code="a">1</subfield></datafield><datafield tag="966" ind1=" " ind2=" "><subfield code="a">0008781</subfield><subfield code="l">BMM</subfield><subfield code="s">SCG 821 HEM par 90</subfield></datafield></record></collection>